@Inproceedings{SU05,
	author 		= "Chih-Wen Su and Hong-Yuan Mark Liao and Hsiao-Rong Tyan and Kuo-Chin Fan and Liang-Hua Chen",
	title  		="A Motion Tolerant Dissolve Detection Algorithm",
	year 			= "Dec 2005",
	pages 		= "1106-1113",
	booktitle = "IEEE Transactions on Multimendia",
	volume 		= "7",
	number 		= "6"
}

@Inproceedings{IR-GP00,
	author 		= "Ivan S. Radev and George Paschos and Niki Pissinou and Kia Makki",
	title  		="Video Content Representation Based on Texture and Lighting",
	year 			= "2000",
	month 		= "Jan",
	pages 		= "269-283",
	booktitle = "IEEE Transactions on Multimendia",
	volume 		= "1929/2000",
	number 		= ""
}

@inproceedings{Zhao99,
 author 		= "Zhao, W. and Wang, J. and Bhat, D. and Sakiewicz, K. and Nandhakumar, N. and Chang, W.",
 title 			= "Improving Color Based Video Shot Detection",
 booktitle 	= "ICMCS '99: Proceedings of the IEEE International Conference on Multimedia Computing and Systems",
 year 			= "1999",
 pages 			= "752",
}
 
@inproceedings{Abd-Almageed08,
  author    = "Wael Abd-Almageed",
  title     = "Online, simultaneous shot boundary detection and key frame
               extraction for sports videos using rank tracing",
  booktitle = "ICIP",
  year      = "2008",
  pages     = "3200-3203"
}

@inproceedings{Shikora01,
  AUTHOR 		= "Sikora Thomas",
  TITLE 		= "The MPEG-7 visual standard for content description-an overview",
  booktitle = "IEEE Trans. Circuits Syst. Video Techn.",
  VOLUME 		= "11",
  YEAR 			= "2001",
  NUMBER 		= "6",
  PAGES 		= "696-702",
}

@inproceedings{APardo05,
  author    = "Alvaro Pardo",
  title     = "Simple and Robust Hard Cut Detection Using Interframe Differences",
  booktitle = "CIARP",
  year      = "2005",
  volume		=	"3773",
  pages     = "409-419",
}

@inproceedings{Urhan06,
  author 		= "Urhan, Q. and Gullu, M.K. and Erturk, S.",
  booktitle = "IEEE Transactions on Circuits and Systems for Video Technology",
  month 		= "Jun",
  number 		= "6",
  pages 		= "753-770",
  title 		= "Modified phase-correlation based robust hard-cut detection with application to archive film",
  volume 		= "16",
  year 			= "2006"
}

@inproceedings{Tahaghoghi05,
  author    = "Tahaghoghi, S.M.M. and Williams, Hugh E. and Thom, James A. and Volkmer, Timo",
  title     = "Video Cut Detection using Frame Windows",
  booktitle = "Twenty-Eighth Australasian Computer Science Conference (ACSC2005)",
  year      = "2005",
  volume		=	"38",
  pages     = "193-200"
}

@inproceedings{Porter00,
  author    = "S.V. Porter and M. Mirmehdi and B.T. Thomas",
  title     = "Video Cut Detection using Frequency Domain Correlation",
  booktitle = "15${^{th}}$ International Conference on Pattern Recognition (ICPR'00)",
  year      = "2000",
  month			=	"Sep",
  volume		=	"3",
  pages     = "409-412"
}

@InProceedings{RTRP04,
  author    = "Robles, Oscar D. and Toharia, Pablo and Rodr\'{\i}guez, Angel and Pastor, Luis",
  title     = "Automatic Video Cut Detection using Adaptive Thresholds",
  booktitle = "Proceedings of the Fourth IASTED International Conferenceon Visualization, Imaging and Image Processing",
  pages     = "517--522",
  year      = "2004",
  month			= "Sep"
}

@InProceedings{Barbu09,
	author 		= "Barbu, Tudor",
	title 		= "Novel automatic video cut detection technique using Gabor filtering",
	booktitle = "Computers and Electrical Engineering",
	volume 		= "35",
	number 		= "5",
	year 			= "2009",
	month 		= "Sep",
	pages 		= "712-721"
}

@inproceedings{Boreczky96,
  author 		= "Boreczky, J. S. and Rowe, L. A.",
  booktitle = "Storage and Retrieval for Still Image and Video Databases IV",
  month 		= "Jan",
  number 		= "SPIE 2664",
  title 		= "Comparison of Video Shot Boundary Detection Techniques",
  year 			= "1996"
}

@inproceedings{Chong99,
  author    = "Chong-Wah Ngo and
               Ting-Chuen Pong and
               Roland T. Chin",
  title     = "Detection of Gradual Transitions through Temporal Slice
               Analysis",
  booktitle = "Conference on Computer Vision and Pattern Recognition
               (CVPR '99)",
  year      = "1999",
  month			=	"Jun",
  pages     = "1036-1041"
}

@inproceedings{Pitas02,
	author		="Cernekova, Z. and Nikou, C. and Pitas, I.",
	booktitle	="International Conference on Image Processing (ICIP'02)",
	title			="Shot detection in video sequences using entropy-based metrics",
	year			="2002",
	month			="Jun",
	volume		="3",
	pages			="III: 421-424",
}

@inproceedings{Cooper03,
  author    = "Matthew Cooper and Jonathan Foote and John Adcock and Sandeep Casi",
  title     = "Shot boundary detection via similarity analysis",
  booktitle = "Proceedings of the TRECVID 2003 Workshop",
  year      = "2003",
  month			=	"",
  volume		=	"",
  pages     = "79-84"
}

@inproceedings{Pitas03,
  author    = "Cernekova, Z. and Kotropoulos, C. and Pitas, I.",
  title     = "Video shot segmentation using singular value decomposition",
  booktitle = "ICME '03: Proceedings of the 2003 International Conference on Multimedia and Expo",
  year      = "2003",
  month			=	"Jul",
  volume		=	"2",
  pages     = "301-304"
}

@inproceedings{Deerwester90,
  author 		= "Scott Deerwester and Susan T. Dumais and George W. Furnas and Thomas K. Landauer and Richard Harshman",
  title 		= "Indexing by Latent Semantic Analysis",
  booktitle	= "Journal of the American Society for Information Science",
  year 			= "1990",
  volume 		= "41",
  pages 		= "391--407"
}

@misc{YouTube:Website,
  author 		= "",
  title 		= "{YouTube - Broadcast Yourself}",
  year 			= "2009",
  month 		= "",
  url 			= "http://www.youtube.com/"
}

@misc{videoIO:Website,
  author 		= "",
  title 		= "{videoIO Toolbox for Matlab}",
  year 			= "2010",
  month 		= "",
  url 			= "http://sourceforge.net/projects/videoio/"
}

@inproceedings{Gargi00,
  AUTHOR 		= "Gargi, U. and Kasturi, R. and Strayer, S.H.",
  TITLE 		= "Performance Characterization of Video-Shot-Change Detection Methods",
  BOOKTITLE = "IEEE Transactions on Circuits, Systems, Video Technology",
  VOLUME 		= "10",
  YEAR 			= "2000",
  NUMBER 		= "1",
  MONTH 		= "Feb",
  PAGES 		= "1-13"
}

@inproceedings{Chong03,
  author 		= "Chong-Wah Ngo and Yu-Fei Ma and Hong-Jiang Zhang",
  title 		= "Automatic Video Summarization by Graph Modeling",
  booktitle	= "IEEE International Conference on Computer Vision",
  year 			= "2003",
  volume 		= "1",
  pages 		= "104",
  month			= "Oct"
}

@inproceedings{Pitas06,
  author    = "Costas Cotsaces and Nikos Nikolaidis and Ioannis Pitas",
  title     = "Video Shot Boundary Detection and Condensed Representation: A Review",
  booktitle = "Signal Processing Magzine, IEEE",
  year      = "2006",
  month			=	"Mar",
  volume		=	"23",
  pages     = "28-37",
  number		=	"2"
}

@inproceedings{Lienhart99,
  author    = "Lienhart, R.",
  title     = "Comparison of automatic shot boundary detection algorithms",
  booktitle = "Storage and Retrieval for Image and Video Databases",
  year      = "1999",
  month			=	"Jan",
  volume		=	"",
  pages     = "290-301",
  number		=	"SPIE 3656"
}